<?xml version="1.0" encoding="UTF-8"?>
<collection xmlns="http://www.loc.gov/MARC21/slim" xmlns:xsi="http://www.w3.org/2001/XMLSchema-instance" xsi:schemaLocation="http://www.loc.gov/standards/marcxml/schema/MARC21slim.xsd">
  <record xmlns="http://www.loc.gov/MARC21/slim">
    <leader>00000cam a2200000La 4500</leader>
    <controlfield tag="001">ocm4232878X </controlfield>
    <controlfield tag="003">OCoLC</controlfield>
    <controlfield tag="005">20160520045112.4</controlfield>
    <controlfield tag="006">m     o  d        </controlfield>
    <controlfield tag="007">cr cn|||||||||</controlfield>
    <controlfield tag="008">920324s1993    maua    ob    001 0 eng d</controlfield>
    <datafield tag="040" ind1=" " ind2=" ">
      <subfield code="a">N$T</subfield>
      <subfield code="b">eng</subfield>
      <subfield code="e">pn</subfield>
      <subfield code="c">N$T</subfield>
      <subfield code="d">OCL</subfield>
      <subfield code="d">OCLCQ</subfield>
      <subfield code="d">DST</subfield>
      <subfield code="d">YDXCP</subfield>
      <subfield code="d">OCLCQ</subfield>
      <subfield code="d">TUU</subfield>
      <subfield code="d">OCLCQ</subfield>
      <subfield code="d">TNF</subfield>
      <subfield code="d">NEG</subfield>
      <subfield code="d">OCLCQ</subfield>
      <subfield code="d">ZCU</subfield>
      <subfield code="d">OCLCF</subfield>
      <subfield code="d">OCLCQ</subfield>
      <subfield code="d">COO</subfield>
      <subfield code="d">OCLCQ</subfield>
    </datafield>
    <datafield tag="019" ind1=" " ind2=" ">
      <subfield code="a">71799407</subfield>
      <subfield code="a">507645203</subfield>
    </datafield>
    <datafield tag="020" ind1=" " ind2=" ">
      <subfield code="a">0585020531</subfield>
      <subfield code="q">(electronic bk.)</subfield>
    </datafield>
    <datafield tag="020" ind1=" " ind2=" ">
      <subfield code="a">9780585020532</subfield>
      <subfield code="q">(electronic bk.)</subfield>
    </datafield>
    <datafield tag="020" ind1=" " ind2=" ">
      <subfield code="a">9780262220460</subfield>
    </datafield>
    <datafield tag="020" ind1=" " ind2=" ">
      <subfield code="a">0262220466</subfield>
    </datafield>
    <datafield tag="020" ind1=" " ind2=" ">
      <subfield code="z">0262220466</subfield>
    </datafield>
    <datafield tag="029" ind1="1" ind2=" ">
      <subfield code="a">NZ1</subfield>
      <subfield code="b">13074335</subfield>
    </datafield>
    <datafield tag="035" ind1=" " ind2=" ">
      <subfield code="a">(OCoLC)42328784</subfield>
      <subfield code="z">(OCoLC)71799407</subfield>
      <subfield code="z">(OCoLC)507645203</subfield>
    </datafield>
    <datafield tag="050" ind1=" " ind2="4">
      <subfield code="a">BF311</subfield>
      <subfield code="b">.V624 1993eb</subfield>
    </datafield>
    <datafield tag="072" ind1=" " ind2="7">
      <subfield code="a">SCI</subfield>
      <subfield code="x">090000</subfield>
      <subfield code="2">bisacsh</subfield>
    </datafield>
    <datafield tag="072" ind1=" " ind2="7">
      <subfield code="a">PSY</subfield>
      <subfield code="x">008000</subfield>
      <subfield code="2">bisacsh</subfield>
    </datafield>
    <datafield tag="082" ind1="0" ind2="4">
      <subfield code="a">153</subfield>
      <subfield code="2">20</subfield>
    </datafield>
    <datafield tag="049" ind1=" " ind2=" ">
      <subfield code="a">MAIN</subfield>
    </datafield>
    <datafield tag="100" ind1="1" ind2=" ">
      <subfield code="a">Von Eckardt, Barbara.</subfield>
    </datafield>
    <datafield tag="245" ind1="1" ind2="0">
      <subfield code="a">What is cognitive science? /</subfield>
      <subfield code="c">Barbara Von Eckardt.</subfield>
    </datafield>
    <datafield tag="260" ind1=" " ind2=" ">
      <subfield code="a">Cambridge, Mass. :</subfield>
      <subfield code="b">MIT Press,</subfield>
      <subfield code="c">©1993.</subfield>
    </datafield>
    <datafield tag="300" ind1=" " ind2=" ">
      <subfield code="a">1 online resource (x, 466 pages) :</subfield>
      <subfield code="b">illustrations</subfield>
    </datafield>
    <datafield tag="336" ind1=" " ind2=" ">
      <subfield code="a">text</subfield>
      <subfield code="b">txt</subfield>
      <subfield code="2">rdacontent</subfield>
    </datafield>
    <datafield tag="337" ind1=" " ind2=" ">
      <subfield code="a">computer</subfield>
      <subfield code="b">c</subfield>
      <subfield code="2">rdamedia</subfield>
    </datafield>
    <datafield tag="338" ind1=" " ind2=" ">
      <subfield code="a">online resource</subfield>
      <subfield code="b">cr</subfield>
      <subfield code="2">rdacarrier</subfield>
    </datafield>
    <datafield tag="500" ind1=" " ind2=" ">
      <subfield code="a">"A Bradford book."</subfield>
    </datafield>
    <datafield tag="504" ind1=" " ind2=" ">
      <subfield code="a">Includes bibliographical references (pages 445-457) and index.</subfield>
    </datafield>
    <datafield tag="505" ind1="0" ind2=" ">
      <subfield code="a">1. Some Preliminaries. 1.1. Research Frameworks. 1.2. An Example of Cognitive Science Research. 1.3. The Characterization in Brief -- 2. The Domain and the Basic Questions. 2.1. The Identification Assumption. 2.2. The Property Assumptions. 2.3. The Grouping Assumption. 2.4. The Basic Questions -- 3. The Computational Assumption. 3.1. The Computational Linking Assumption. 3.2. The Computational System Assumption. 3.3. Conventional Machines. 3.4. Connectionist Machines. 3.5. The Evolution of Cognitive Science -- 4. Representation in General. 4.1. The Representational Linking Assumption. 4.2. Peirce's Triadic Analysis. 4.3. The Representation-Object Relation. 4.4. The Representation-Interpretant Relation. 4.5. The Representational System Assumption -- 5. Mental Representation. 5.1. What Mental Representations Are Not. 5.2. The Representation Bearer. 5.3. The Semantics of Mental Representation -- 6. Current Approaches to Content Determination. 6.1. Grounding Mental Content. 6.2. The Structural Isomorphism Approach. 6.3. The Functional Role Approach. 6.4. The Causal Historical Approach. 6.5. The Indicator Approach. 6.6. The Biological Function Approach -- 7. Constraints on a Theory of Content Determination. 7.1. Naturalism. 7.2. The Descriptive Case against Internalism. 7.3. A Normative Case for Internalism. 7.4. Methodological Individualism -- 8. Significance. 8.1. Peirce's View. 8.2. The Regress Problem in Cognitive Science. 8.3. An Inadequate Solution. 8.4. Cognitive Science's Solution -- 9. The Methodological Assumptions. 9.1. The Explanatory Strategy of Cognitive Science. 9.2. The Study of Cognition. 9.3. The Role of Neuroscience. 9.4. Explanatory Ineliminability. Epilogue: Some Challenges for the Future -- Appendix: Characterizing an Immature Science -- A.1: The Logical Positivist Tradition -- A.2: Kuhn's Notion of a Paradigm -- A.3: Laudan's Notion of a Research Tradition.</subfield>
    </datafield>
    <datafield tag="588" ind1="0" ind2=" ">
      <subfield code="a">Print version record.</subfield>
    </datafield>
    <datafield tag="590" ind1=" " ind2=" ">
      <subfield code="b">alles</subfield>
    </datafield>
    <datafield tag="590" ind1=" " ind2=" ">
      <subfield code="a">OCLC</subfield>
      <subfield code="b">WorldCat Holdings</subfield>
    </datafield>
    <datafield tag="650" ind1=" " ind2="0">
      <subfield code="a">Cognitive science.</subfield>
    </datafield>
    <datafield tag="650" ind1=" " ind2="2">
      <subfield code="a">Cognition.</subfield>
    </datafield>
    <datafield tag="650" ind1=" " ind2="7">
      <subfield code="a">SCIENCE</subfield>
      <subfield code="x">Cognitive Science.</subfield>
      <subfield code="2">bisacsh</subfield>
    </datafield>
    <datafield tag="650" ind1=" " ind2="7">
      <subfield code="a">PSYCHOLOGY</subfield>
      <subfield code="x">Cognitive Psychology.</subfield>
      <subfield code="2">bisacsh</subfield>
    </datafield>
    <datafield tag="650" ind1=" " ind2="7">
      <subfield code="a">Cognitive science.</subfield>
      <subfield code="2">fast</subfield>
      <subfield code="0">(OCoLC)fst00866547</subfield>
    </datafield>
    <datafield tag="655" ind1=" " ind2="4">
      <subfield code="a">Electronic books.</subfield>
    </datafield>
    <datafield tag="776" ind1="0" ind2="8">
      <subfield code="i">Print version:</subfield>
      <subfield code="a">Von Eckardt, Barbara.</subfield>
      <subfield code="t">What is cognitive science?.</subfield>
      <subfield code="d">Cambridge, Mass. : MIT Press, ©1993</subfield>
      <subfield code="z">0262220466</subfield>
      <subfield code="w">(DLC)   92010167</subfield>
      <subfield code="w">(OCoLC)25711827</subfield>
    </datafield>
    <datafield tag="856" ind1="4" ind2="0">
      <subfield code="3">EBSCOhost</subfield>
      <subfield code="u">http://search.ebscohost.com/login.aspx?direct=true&amp;scope=site&amp;db=nlebk&amp;db=nlabk&amp;AN=1795</subfield>
    </datafield>
    <datafield tag="856" ind1="4" ind2="0">
      <subfield code="u">http://cognet.mit.edu/library/books/view?isbn=0262220466</subfield>
      <subfield code="z">Full text available from MIT CogNet</subfield>
    </datafield>
    <datafield tag="856" ind1="4" ind2=" ">
      <subfield code="u">http://cognet.mit.edu/library/books/view?isbn=0262220466</subfield>
    </datafield>
    <datafield tag="938" ind1=" " ind2=" ">
      <subfield code="a">EBSCOhost</subfield>
      <subfield code="b">EBSC</subfield>
      <subfield code="n">1795</subfield>
    </datafield>
    <datafield tag="938" ind1=" " ind2=" ">
      <subfield code="a">YBP Library Services</subfield>
      <subfield code="b">YANK</subfield>
      <subfield code="n">2302532</subfield>
    </datafield>
    <datafield tag="994" ind1=" " ind2=" ">
      <subfield code="a">92</subfield>
      <subfield code="b">DEFHM</subfield>
    </datafield>
  </record>
</collection>
